@book{IEEEhowto:kopka,
  author={H. Kopka and P.W. Daly},  
  title={A Guide to LaTeX},
  publisher={Addison-Wesley},
  year={1999}
}

@electronic{Goutte,
 authors   = {C. Goutte and E. Gaussier},
 title     = {A Probabilistic Interpretation of Precision, Recall and F-score, with Implication for Evaluation},
 url       = {http://www.xrce.xerox.com/content/download/16594/118473/file/xrce\_eval.pdf}
}
 
@electronic{ORC,
 title     = {On-Campus Research Computing},
 url       = {http://orc.gmu.edu/research-computing/argo-cluster/argo-hardware-specs/}
}
 
@electronic{Joachims08,
 authors   = {T. Joachims},
 title     = {SVMlight Support Vector Machine},
 url       = {http://svmlight.joachims.org/}
}
 
@electronic{Wood14,
 authors   = {D. Wood and S. Salzberg},
 title     = {Kraken: ultrafast metagenomic sequence classification using exact alignments},
 url       = {http://genomebiology.com/2014/15/3/R46}
}
 
@electronic{Kraken,
 title     = {Kraken Taxonomic Sequence Classification System Operating Manual},
 url       = {https://ccb.jhu.edu/software/kraken/MANUAL.html}
}

@article{Edgar10,
  title={Search and Clustering Orders of Magnitude Faster than BLAST},
  author={R. Edgar},
  journal={Bioinformatics},
  volume={26},
  number={19},
  pages={2460--2461},
  year={2010},
  publisher={ACM}
}
  